% This file was created with JabRef 2.11.1.
% Encoding: Cp1252


@Article{DiSessa1986,
  Title                    = {{BOXER}: A reconstructible computerional medium},
  Author                   = {Andrea diSessa and Harold Abelson},
  Journal                  = {Communications of the ACM},
  Year                     = {1986}
}

@TechReport{AAPT2016,
  Title                    = {Recommendations for computational physics in the undergraduate physics curriculum},
  Author                   = {Undergraduate Curriculum Task Force AAPT},
  Institution              = {AAPT},
  Year                     = {2016}
}

@InProceedings{Ahmadzedah2005,
  Title                    = {An analysis of patterns of debugging among novice computer science students},
  Author                   = {Marzieh Ahmadzedah and Dave Elliman and Colin Higgins},
  Booktitle                = {ITiCSE Proceedings},
  Year                     = {2005}
}

@Article{Aho2012,
  Title                    = {Computation and computational thinking},
  Author                   = {Alfred Aho},
  Journal                  = {The Computer Journal},
  Year                     = {2012}
}

@InProceedings{Aiken2012,
  Title                    = {Understanding student computational thinking with computational modeling},
  Author                   = {John Aiken and Marcos Caballero and Scott Douglas and John Burk and Erin Scanlon and Brian Thoms and Michael Schatz},
  Booktitle                = {PERC Proceedings},
  Year                     = {2012}
}

@Article{Antaki2002,
  Title                    = {Discourse analysis means doing analysis: A critique of six analytic shortcomings},
  Author                   = {Charles Antaki and Michael Billig and Derek Edwards and Jonathan Potter},
  Journal                  = {DAOL Discourse Analysis Online},
  Year                     = {2002}
}

@Article{Aronson1995,
  Title                    = {A pragmatic view of thematic analysis},
  Author                   = {Jodi Aronson},
  Journal                  = {The Qualitative Report},
  Year                     = {1995}
}

@Article{Belloni2008,
  Title                    = {Time development in quantum mechanics using a reduced {H}ilbert space approach},
  Author                   = {Mario Belloni and Wolfgang Christian},
  Journal                  = {American Journal of Physics},
  Year                     = {2008}
}

@Article{Bing2009,
  Title                    = {Analyzing problem solving using math in physics: Epistemological framing via warrants},
  Author                   = {Thomas Bing and Edward Redish},
  Journal                  = {Physical Review Special Topics - Physics Education Research},
  Year                     = {2009}
}

@Article{Braun2008,
  Title                    = {Using thematic analysis in psychology},
  Author                   = {Virginia Braun and Victoria Clarke},
  Journal                  = {Qualitative Research in Psychology},
  Year                     = {2008}
}

@Article{Buffler2008,
  Title                    = {A model-based view of physics for computational activities in the introductory physics course},
  Author                   = {Andy Buffler and Seshini Pillay and Fred Lubben and Roger Fearick},
  Journal                  = {American Journal of Physics},
  Year                     = {2008}
}

@Article{Bundy2007,
  Title                    = {Computational thinking is pervasive},
  Author                   = {Alan Bundy},
  Journal                  = {Journal of Scientific and Practical Computing},
  Year                     = {2007}
}

@InProceedings{Caballero2011,
  Title                    = {Fostering computational thinking in introductory mechanics},
  Author                   = {Marcos Caballero and Matthew Kohlmyer and Michael Schatz},
  Booktitle                = {PERC Proceedings},
  Year                     = {2011}
}

@Article{Caballero2014,
  Title                    = {A model for incorporating computation without changing the course: An example from middle-division classical mechanics},
  Author                   = {Marcos Caballero and Steven Pollock},
  Journal                  = {Americal Journal of Physics},
  Year                     = {2014}
}

@Article{Catrambone1998,
  Title                    = {The subgoal learning model: Creating better examples so that students can solve novel practice problems.},
  Author                   = {Richard Catrambone},
  Journal                  = {Journal of Experimental Psychology},
  Year                     = {1998}
}

@Article{Chabay2008,
  Title                    = {Computational physics in the introductory calculus-based course},
  Author                   = {Ruth Chabay and Bruce Sherwood},
  Journal                  = {American Journal of Physics},
  Year                     = {2008}
}

@Article{Chandra1990,
  Title                    = {Design problem solving: A task analysis},
  Author                   = {Balakrishnan Chandrasekaran},
  Journal                  = {AI maganize},
  Year                     = {1990}
}

@Article{Chonacky2008,
  Title                    = {Integrating computation into the undergraduate curriculum: A vision and guidelines for future developments},
  Author                   = {Norman Chonacky and David Winch},
  Journal                  = {American Journal of Physics},
  Year                     = {2008}
}

@Book{NGSS2012,
  Title                    = {A framework for K-12 science education: Practices, crosscutting concepts, and core ideas},
  Author                   = {Committee on a Conceptual Framework for New K-12 Science Education Standards},
  Publisher                = {The National Academies Press},
  Year                     = {2012}
}

@Article{Cook2008,
  Title                    = {Computation in undergraduate physics: The Lawrence approach},
  Author                   = {David Cook},
  Journal                  = {American Journal of Physics},
  Year                     = {2008}
}

@Book{Crandall2006,
  Title                    = {Working minds: A practioner's guide to cognitive task analysis},
  Author                   = {Beth Crandall and Gary Klein and Robert Hoffman},
  Publisher                = {Massachusetts Institute of Technology},
  Year                     = {2006}
}

@Article{Esquembre2005,
  Title                    = {Easy java simulations: An open-source tool to develop interactive virtual laboratories using {MATLAB}/Simulink},
  Author                   = {Francisco Esquembre},
  Journal                  = {International Journal of Engineering Education},
  Year                     = {2005}
}

@Article{Fereda2006,
  Title                    = {Demonstrating rigor using thematic analysis: A hybrid approach of Inductive and deductive coding and theme development},
  Author                   = {Jennifer Fereda and Eimear Muir-Cochrane},
  Journal                  = {International Journal of Qualitative Methods},
  Year                     = {2006}
}

@Article{Fitzgerald2008,
  Title                    = {Debugging: Finding, fixing and flailing, a multi-institutional study of novice debuggers},
  Author                   = {Sue Fitzgerald and Gary Lewandowski and Renee McCauley and Laurie Murphy and Beth Simon and Lynda Thomas and Carol Zander},
  Journal                  = {Computer Science Education},
  Year                     = {2008}
}

@Article{SueFitzgerald2008,
  Title                    = {Debugging: finding, fixnig, and flailing, a multi-institutional study of novice debuggers},
  Author                   = {Sue Fitzgerald and Gary Lewandowski and Renee McCauley and Laurie Murphy and Beth Simon and Lynda Thomas and Cole Zander},
  Journal                  = {Computer Science Education},
  Year                     = {2008}
}

@Article{Flyvbjerg2006,
  Title                    = {Five misunderstandings about case-Study research},
  Author                   = {Bent Flyvbjerg},
  Journal                  = {Qualitative Inquiry},
  Year                     = {2006}
}

@Article{Grover2013,
  Title                    = {Computational thinking in {K-12}: A review of the state of the field},
  Author                   = {Shuchi Grover and Roy Pea},
  Journal                  = {Educational Resarcher},
  Year                     = {2013}
}

@Article{Hammann2003,
  Title                    = {Instructional apapproach to improving students' writing of compare-contrast essays: An experimental study},
  Author                   = {Lynne Hammann and Robert Stevens},
  Journal                  = {Journal of Literacy Research},
  Year                     = {2003}
}

@InProceedings{Hawkins2017,
  Title                    = {Understanding student perceptions of computational physics problems in Introductory mechanics},
  Author                   = {Nathaniel Hawkins and Paul Irving and Marcos Caballero},
  Booktitle                = {PERC Proceedings},
  Year                     = {2017}
}

@Article{Hoover2008,
  Title                    = {Computational physics wth particles},
  Author                   = {William Hoover and Christian Hoover},
  Journal                  = {American Journal of Physics},
  Year                     = {2008}
}

@Article{Irving2017,
  Title                    = {P$^{3}$: A practice focused learning environment},
  Author                   = {Paul Irving and Michael Obsniuk and Marcos Caballero},
  Journal                  = {European Journal of Physics},
  Year                     = {2017}
}

@Article{Irving2016,
  Title                    = {Developing physics identities},
  Author                   = {Paul Irving and Ellie Sayre},
  Journal                  = {Physics Today},
  Year                     = {2016}
}

@Article{Ivie2002,
  Title                    = {The early careers of physics bachelors},
  Author                   = {Rachel Ivie and Katie Stowe},
  Journal                  = {American Institute of Physics},
  Year                     = {2002}
}

@Book{Joffe2004,
  Title                    = {Research methods for clinical and health psychology},
  Author                   = {Helene Joffe and Lucy Yardley},
  Publisher                = {Sage},
  Year                     = {2004}
}

@Book{Kirwan2005,
  Title                    = {A guide to task analysis},
  Author                   = {Barry Kirwan},
  Publisher                = {Taylor \& Francis},
  Year                     = {2005}
}

@PhdThesis{Kohlmyer2005,
  Title                    = {Student performance in computer modeling and problem solving in a modern introductory physics course},
  Author                   = {Matthew Kohlmyer},
  School                   = {Carnegie Mellon University},
  Year                     = {2005}
}

@PhdThesis{Lunk2012,
  Title                    = {A framework for understanding physics students' computational modeling practices},
  Author                   = {Brandon Lunk},
  School                   = {North Carolina State University},
  Year                     = {2012}
}

@Article{ReneeMcCauley2008,
  Title                    = {Debugging: A review of the literature from an educational perspective},
  Author                   = {Renee McCauley and Sue Fitzgerald and Gary Lewandowski and Laurie Murphy and Beth Simon and Lynda Thomas and Carol Zande},
  Journal                  = {Computer Science Education},
  Year                     = {2008}
}

@Article{McCauley2008,
  Title                    = {Debugging: A review of the literature from an educational perspective},
  Author                   = {Renee McCauley and Sue Fitzgerald and Gary Lewandowski and Laurie Murphy and Beth Simon and Lunda Thomas and Carol Zander},
  Journal                  = {Computer Science Education},
  Year                     = {2008}
}

@Article{McIntyre2008,
  Title                    = {Integrating computational activities into the upper-level paradigms in physics curriculum},
  Author                   = {David McIntyre and Corinne Manogue},
  Journal                  = {American Journal of Physics},
  Year                     = {2008}
}

@Article{McKagan2008,
  Title                    = {Developing and researching PhET simulations for teaching quantum mechanics},
  Author                   = {Sarah McKagan and Katherine Perkins and Michael Dubson and Carl Wieman},
  Journal                  = {Americal Journal of Physics},
  Year                     = {2008}
}

@Article{Mulvey2012,
  Title                    = {Physics bachelor's initial employment: Data from the degree recipient follow-Up survey for the  classes of 2009 and 2010.},
  Author                   = {Patrick Mulvey and Casey Tesfaye},
  Journal                  = {American Institute of Physics},
  Year                     = {2012}
}

@InProceedings{Obsniuk2015,
  Title                    = {A case study: Novel group interactions through introductory computational physics},
  Author                   = {Michael Obsniuk and Paul Irving and Marcos Caballero},
  Booktitle                = {PERC Proceedings},
  Year                     = {2015}
}

@Book{Otero2009,
  Title                    = {Getting started in PER},
  Author                   = {Valerie Otero and Danielle Harlow},
  Publisher                = {AAPT},
  Year                     = {2009}
}

@Article{Papert1972,
  Title                    = {Teaching children thinking},
  Author                   = {Seymour Papert},
  Journal                  = {Mathematics Teaching},
  Year                     = {1972}
}

@Book{Papert1981,
  Title                    = {Mindstorms: Children, computers, and powerful ideas},
  Author                   = {Seymour Papert},
  Publisher                = {Basic Books},
  Year                     = {1981}
}

@Article{Papert1996,
  Title                    = {An exploration in the space of mathematics education},
  Author                   = {Seymour Papert},
  Journal                  = {Technology, Knowledge, and Learning},
  Year                     = {1996}
}

@Article{Pawlak2018,
  Title                    = {Development of the modes of collaboration framework},
  Author                   = {Alanna Pawlak and Paul Irving and Marcos Caballero},
  Journal                  = {Physical Review Special Topics - Physics Education Research},
  Year                     = {2018}
}

@Article{Perkins2006,
  Title                    = {{PhET}: Interactive simulations for teaching and learning physics},
  Author                   = {Katherine Perkins and Wendy Adams and Michael Dubson and Noah Finkelstein and Sam Reid and Carl Wieman and Ron LeMaster},
  Journal                  = {The Physics Teacher},
  Year                     = {2006}
}

@Book{Piaget1963,
  Title                    = {Origins of intelligence in children},
  Author                   = {Jean Piaget},
  Publisher                = {W. W. Norton and Company},
  Year                     = {1963}
}

@Book{Potter1997,
  Title                    = {Discourse analysis as a way of analysing naturally occurring talk},
  Author                   = {Jonathan Potter and Margaret Wetherell},
  Publisher                = {Sage},
  Year                     = {1997}
}

@Article{Pugalee2004,
  Title                    = {A comparison of verbal and written descriptions of students' problem solving processes},
  Author                   = {David Pugalee},
  Journal                  = {Educational Studies in Mathematics},
  Year                     = {2004}
}

@Conference{Redish2005,
  Title                    = {Problem solving and the use of math in physics courses},
  Author                   = {Edward Redish},
  Booktitle                = {World View on Physics Education Proceedings},
  Year                     = {2005}
}

@Article{Redish1992,
  Title                    = {Student programming in the introductory physics course: {M.U.P.P.E.T.}},
  Author                   = {Edward Redish and Jack Wilson},
  Journal                  = {American Journal of Physics},
  Year                     = {1992}
}

@Article{Serbanescu2011,
  Title                    = {Putting computation on a par with experiments and theory in the undergraduate physics curriculum},
  Author                   = {Ruxandra Serbanescu and Paul Kushner and Sabine Stanley},
  Journal                  = {American Journal of Physics},
  Year                     = {2011}
}

@Article{Sherer2000,
  Title                    = {{VP}ython: {3D} interactive scientific graphics for students},
  Author                   = {David Sherer and Paul Dubois and Bruce Sherwood},
  Journal                  = {Computing in Science \& Engineering},
  Year                     = {2000}
}

@Book{NGSS2013,
  Title                    = {Next generation science standards: For states, by states},
  Author                   = {NGSS Lead States},
  Publisher                = {The National Academies Press},
  Year                     = {2013}
}

@Article{Tamir2007,
  Title                    = {Justifying the selection of answers in multiple choice items},
  Author                   = {Pinchas Tamir},
  Journal                  = {International Journal of Science Education},
  Year                     = {2007}
}

@Article{Vaismoradi2013,
  Title                    = {Content analysis and thematic analysis: Implications for conducting a qualitative descriptive study},
  Author                   = {Mojtaba Vaismoradi},
  Journal                  = {Nursing and Health Sciences},
  Year                     = {2013}
}

@Book{Vygotsky1980,
  Title                    = {Mind in society: The development of higher psychological processes},
  Author                   = {Lev Vygotsky},
  Editor                   = {Michael Cole},
  Year                     = {1980}
}

@PhdThesis{Weatherford2011,
  Title                    = {Student use of physics to make sense of incomplete but functional {VP}ython programs in a lab setting},
  Author                   = {Shawn Weatherford},
  School                   = {North Carolina State University},
  Year                     = {2011}
}

@Article{Weber2005,
  Title                    = {Students' understanding of trigonometric functions},
  Author                   = {Keith Weber},
  Journal                  = {Mathematics Education Research Journal},
  Year                     = {2005}
}

@Article{Weiman2008,
  Title                    = {Interactive simulations for teaching physics: What works, what doesn't, and why},
  Author                   = {Carl Weiman and Katherine Perkins and Wendy Adams},
  Journal                  = {American Journal of Physics},
  Year                     = {2008}
}

@Article{Weintrop2015,
  Title                    = {Defining computational thinking for mathematics and science classrooms},
  Author                   = {David Weintrop and Elham Behesthi and Michael Horn and Kai Orton and Kemi Jona and Laura Trouille and Uri Wilensky},
  Journal                  = {Journal of Science Education Technology},
  Year                     = {2015}
}

@Book{Widdicombe1995,
  Title                    = {The language of youth subcultures: Social identity in action},
  Author                   = {Sue Widdicombe and Robin Wooffitt},
  Publisher                = {Harvester Wheatsheaf},
  Year                     = {1995}
}

@Article{Wilson1989,
  Title                    = {Using computers in teaching physics},
  Author                   = {Jack Wilson and Edward Redish},
  Journal                  = {Physics Today},
  Year                     = {1989}
}

@Article{Wing2006,
  Title                    = {Computational thinking},
  Author                   = {Jeannette Wing},
  Journal                  = {Communications of the ACM},
  Year                     = {2006}
}

@Article{Wing2008,
  Title                    = {Computational thinking and thinking about computing},
  Author                   = {Jeanette Wing},
  Journal                  = {The Royal Society},
  Year                     = {2008}
}

@Article{Winter1970,
  Title                    = {Thematic analysis: An empirically derived measure of the effects of liberal arts education},
  Author                   = {David Winter and David McClelland},
  Journal                  = {Journal of educational psychology},
  Year                     = {1970}
}

@comment{jabref-meta: databaseType:bibtex;}

